<?xml version='1.0' encoding='UTF-8'?>
<record xmlns="http://www.loc.gov/MARC21/slim">
  <leader>02260cam a2200469 a 4500</leader>
  <controlfield tag="001">399059</controlfield>
  <controlfield tag="003">NjP</controlfield>
  <controlfield tag="005">20171012080743.0</controlfield>
  <controlfield tag="008">870922q19801987ir            000 0dara d</controlfield>
  <datafield tag="024" ind1="7" ind2=" ">
    <subfield code="a">princeton_aco003142</subfield>
    <subfield code="2">local</subfield>
  </datafield>
  <datafield ind1=" " ind2=" " tag="035">
    <subfield code="a">(OCoLC)ocn175635168</subfield>
  </datafield>
  <datafield ind1=" " ind2=" " tag="035">
    <subfield code="a">(OCoLC)25579084</subfield>
  </datafield>
  <datafield ind1=" " ind2=" " tag="040">
    <subfield code="a">NjP</subfield>
    <subfield code="c">PUL</subfield>
    <subfield code="d">PUL</subfield>
  </datafield>
  <datafield ind1=" " ind2=" " tag="035">
    <subfield code="a">(OCoLC)175635168</subfield>
  </datafield>
  <datafield ind1=" " ind2=" " tag="035">
    <subfield code="a">(CStRLIN)NJPG87-B46243</subfield>
  </datafield>
  <datafield ind1=" " ind2=" " tag="035">
    <subfield code="9">ABX4554TS</subfield>
  </datafield>
  <datafield ind1=" " ind2=" " tag="035">
    <subfield code="a">(NjP)399059</subfield>
  </datafield>
  <datafield ind1=" " ind2=" " tag="079">
    <subfield code="a">ocm25579084</subfield>
  </datafield>
  <datafield ind1=" " ind2=" " tag="049">
    <subfield code="a">PULL</subfield>
  </datafield>
  <datafield ind1="1" ind2=" " tag="100">
    <subfield code="6">880-01</subfield>
    <subfield code="a">Ibn Shahrāshūb, Muḥammad ibn ʻAlī,</subfield>
    <subfield code="d">-1192</subfield>
    <subfield code="0">http://id.loc.gov/authorities/names/n80031676</subfield>
  </datafield>
  <datafield ind1="1" ind2="3" tag="245">
    <subfield code="6">880-02</subfield>
    <subfield code="a">al-Manāqib /</subfield>
    <subfield code="c">li-muʼallifihi Abī Jaʻfar Rashīd al-Dīn Muḥammad ibn ʻAlī ibn Shahrāshūb al-Sarwī al-Māzandarānī.</subfield>
  </datafield>
  <datafield ind1=" " ind2=" " tag="260">
    <subfield code="6">880-03</subfield>
    <subfield code="a">Qum :</subfield>
    <subfield code="b">Muʼassasat Intishārat ʻAllāmah,</subfield>
    <subfield code="c">[198-?]</subfield>
  </datafield>
  <datafield ind1=" " ind2=" " tag="300">
    <subfield code="a">4 v. ;</subfield>
    <subfield code="c">25 cm.</subfield>
  </datafield>
  <datafield ind1=" " ind2=" " tag="500">
    <subfield code="a">Title page partially vocalized.</subfield>
  </datafield>
  <datafield ind1=" " ind2=" " tag="500">
    <subfield code="6">880-04</subfield>
    <subfield code="a">Title on v. 2-4: Manāqib Āl Abī Ṭālib.</subfield>
  </datafield>
  <datafield ind1=" " ind2=" " tag="500">
    <subfield code="6">880-05</subfield>
    <subfield code="a">Vol. 4 edited by: Hāshim al-Rasūlī al-Maḥallātī.</subfield>
  </datafield>
  <datafield ind1="0" ind2="0" tag="600">
    <subfield code="6">880-06</subfield>
    <subfield code="a">ʻAlī ibn Abī Ṭālib,</subfield>
    <subfield code="c">Caliph,</subfield>
    <subfield code="d">600 (ca.)-661.</subfield>
  </datafield>
  <datafield ind1=" " ind2="0" tag="650">
    <subfield code="a">Shīʻah</subfield>
    <subfield code="x">Doctrines.</subfield>
    <subfield code="0">http://id.loc.gov/authorities/subjects/sh85121391</subfield>
  </datafield>
  <datafield ind1=" " ind2="0" tag="650">
    <subfield code="a">Imams (Shiites).</subfield>
    <subfield code="0">http://id.loc.gov/authorities/subjects/sh85064480</subfield>
  </datafield>
  <datafield ind1="1" ind2=" " tag="700">
    <subfield code="6">880-07</subfield>
    <subfield code="a">Rasūlī Maḥallātī, Hāshim.</subfield>
  </datafield>
  <datafield ind1="0" ind2=" " tag="740">
    <subfield code="6">880-08</subfield>
    <subfield code="a">Manāqib Āl Abī Ṭālib.</subfield>
  </datafield>
  <datafield ind1="1" ind2=" " tag="880">
    <subfield code="6">100-01/r</subfield>
    <subfield code="a">ابن شهراشوب، محمد بن علي،</subfield>
    <subfield code="d">d. 1192.</subfield>
  </datafield>
  <datafield ind1="1" ind2="2" tag="880">
    <subfield code="6">245-02/r</subfield>
    <subfield code="a">المناقب /</subfield>
    <subfield code="c">لمؤلفه ابي جعفر رشيد الدين محمد بن علي بن شهراشوب السروي المازندراني.</subfield>
  </datafield>
  <datafield ind1=" " ind2=" " tag="880">
    <subfield code="6">260-03/r</subfield>
    <subfield code="a">قم :</subfield>
    <subfield code="b">مؤسسة انتشارة علامة،</subfield>
    <subfield code="c">[198-؟]</subfield>
  </datafield>
  <datafield ind1=" " ind2=" " tag="880">
    <subfield code="6">500-04/r</subfield>
    <subfield code="a">Title on v. 2-4: مناقب آل ابي طالب.</subfield>
  </datafield>
  <datafield ind1=" " ind2=" " tag="880">
    <subfield code="6">500-05/r</subfield>
    <subfield code="a">Vol. 4 edited by: هاشم الرسولي المحلاتي.</subfield>
  </datafield>
  <datafield ind1="0" ind2="0" tag="880">
    <subfield code="6">600-06/r</subfield>
    <subfield code="a">علي بن ابي طالب،</subfield>
    <subfield code="c">Caliph،</subfield>
    <subfield code="d">600 (ca.)661.</subfield>
  </datafield>
  <datafield ind1="1" ind2=" " tag="880">
    <subfield code="6">700-07/r</subfield>
    <subfield code="a">رسولي محلاتي، هاشم.</subfield>
  </datafield>
  <datafield ind1="0" ind2=" " tag="880">
    <subfield code="6">740-08/r</subfield>
    <subfield code="a">مناقب آل ابي طالب.</subfield>
  </datafield>
  <datafield ind1=" " ind2=" " tag="998">
    <subfield code="a">03/12/92</subfield>
    <subfield code="s">9118</subfield>
    <subfield code="n">NjP</subfield>
    <subfield code="w">DCLC86930317B</subfield>
    <subfield code="d">09/22/87</subfield>
    <subfield code="c">JEB</subfield>
    <subfield code="b">IJA</subfield>
    <subfield code="i">920312</subfield>
    <subfield code="l">NJPG</subfield>
  </datafield>
  <datafield ind1=" " ind2=" " tag="911">
    <subfield code="a">19921028</subfield>
  </datafield>
  <datafield ind1=" " ind2=" " tag="912">
    <subfield code="a">19920312000000.0</subfield>
  </datafield>
  <datafield ind1=" " ind2=" " tag="994">
    <subfield code="a">C0</subfield>
    <subfield code="b">PUL</subfield>
  </datafield>
  <datafield ind1=" " ind2=" " tag="999">
    <subfield code="a">399059</subfield>
  </datafield>
  <datafield ind1="0" ind2="0" tag="852">
    <subfield code="0">435123</subfield>
    <subfield code="b">rcppa</subfield>
    <subfield code="t">1</subfield>
    <subfield code="h">BP193.1.A2</subfield>
    <subfield code="i">I267 1980z</subfield>
    <subfield code="x">tr fr nec</subfield>
  </datafield>
  <datafield ind1=" " ind2="0" tag="866">
    <subfield code="0">435123</subfield>
    <subfield code="a">juz 1-4</subfield>
  </datafield>
  <datafield ind1=" " ind2=" " tag="959">
    <subfield code="a">2000-06-13 00:00:00 -0400</subfield>
  </datafield>
</record>
